@article{cowan_stat,
      author         = "Glen Cowan",
      title          = "{Review of Statistics for Particle Physics}",
      collaboration  = "Particle Data Group",
      journal        = "Chin. Phys.",
      volume         = "C40",
      year           = "2016",
      number         = "10",
      pages          = "100001",
      doi            = "10.1088/1674-1137/40/10/100001",
      SLACcitation   = "%%CITATION = CHPHD,C40,100001;%%"
}

@article{adam,
  author    = {Diederik P. Kingma and
               Jimmy Ba},
  title     = {Adam: {A} Method for Stochastic Optimization},
  journal   = {CoRR},
  volume    = {abs/1412.6980},
  year      = {2014},
  url       = {http://arxiv.org/abs/1412.6980},
  archivePrefix = {arXiv},
  eprint    = {1412.6980},
  timestamp = {Wed, 07 Jun 2017 14:40:52 +0200},
  biburl    = {http://dblp.org/rec/bib/journals/corr/KingmaB14},
  bibsource = {dblp computer science bibliography, http://dblp.org}
}

@article{xgboost,
   author = {{Chen}, T. and {Guestrin}, C.},
    title = "{XGBoost: A Scalable Tree Boosting System}",
  journal = {ArXiv e-prints},
archivePrefix = "arXiv",
   eprint = {1603.02754},
 primaryClass = "cs.LG",
 keywords = {Computer Science - Learning},
     year = 2016,
    month = mar,
   adsurl = {http://adsabs.harvard.edu/abs/2016arXiv160302754C},
  adsnote = {Provided by the SAO/NASA Astrophysics Data System}
}


@article{Aaboud:2016ftt,
      author         = "Aaboud, Morad and others",
      title          = "{Search for triboson $W^{\pm }W^{\pm }W^{\mp }$
                        production in $pp$ collisions at $\sqrt{s}=8$   $\text
                        {TeV}$ with the ATLAS detector}",
      collaboration  = "ATLAS",
      journal        = "Eur. Phys. J.",
      volume         = "C77",
      year           = "2017",
      number         = "3",
      pages          = "141",
      doi            = "10.1140/epjc/s10052-017-4692-1",
      eprint         = "1610.05088",
      archivePrefix  = "arXiv",
      primaryClass   = "hep-ex",
      reportNumber   = "CERN-EP-2016-172",
      SLACcitation   = "%%CITATION = ARXIV:1610.05088;%%"
}


@article{Punzi_significance,
      author         = "Punzi, Giovanni",
      title          = "{Sensitivity of searches for new signals and its
                        optimization}",
      booktitle      = "{Statistical problems in particle physics, astrophysics
                        and cosmology. Proceedings, Conference, PHYSTAT 2003,
                        Stanford, USA, September 8-11, 2003}",
      journal        = "eConf",
      volume         = "C030908",
      year           = "2003",
      pages          = "MODT002",
      note           = "[,79(2003)]",
      eprint         = "physics/0308063",
      archivePrefix  = "arXiv",
      primaryClass   = "physics",
      reportNumber   = "PHYSTAT-2003-MODT002",
      SLACcitation   = "%%CITATION = PHYSICS/0308063;%%"
}